@online{uxdesign-chatbot,
	author = "Jasper Verplanken",
	year = "2018",
	title = "LEARNING UX DESIGN? BUILD A CHATBOT.",
	url = "https://www.invisionapp.com/blog/learn-ux-design-build-chatbot/",
	urldate = {2018-03-13},
	keywords = "bib"
}

@online{chatbot-fail,
	author = "Fabricio Teixeira",
	company = "UX Collective",
	year = "2017",
	title = "Why chatbots fail",
	url = "https://chatbot.fail",
	urldate = {2018-03-13},
	keywords = "bib"
}

@online{chatbots-conv-ui,
	author = "N.N",
	company = "UX Collective",
	year = "2018",
	title = "Chatbots \& Conversational UI",
	url = "https://uxdesign.cc/chatbots-conversational-ui/home",
	urldate = {2018-03-13},
	keywords = "bib"
}

@online{designer-learn-alexa,
	author = "Will Fanguy",
	year = "2017",
	title = "WHAT EVERY DESIGNER CAN LEARN FROM ALEXA",
	url = "https://www.invisionapp.com/blog/every-designer-learn-alexa/",
	urldate = {2018-03-13},
	keywords = "bib"
}

@online{guide-to-chatbots,
	author = "Joe Toscano",
	year = "2016",
	title = "THE ULTIMATE GUIDE TO CHATBOTS",
	url = "https://www.invisionapp.com/blog/guide-to-chatbots/",
	urldate = {2018-03-13},
	keywords = "bib"
}

@online{building-chatbots-messagelength,
	author = "Ish Jindal",
	year = "2017",
	title = "BUILDING CHATBOTS: WHY MESSAGE LENGTH MATTERS",
	url = "https://www.invisionapp.com/blog/chatbots-message-length/",
	urldate = {2018-03-13},
	keywords = "bib"
}

@online{chatbots-ult-prot,
	author = "Sera Koo, David Boardman",
	year = "2016",
	title = "CHATBOTS: YOUR ULTIMATE PROTOTYPING TOOL",
	url = "https://www.invisionapp.com/blog/chatbots-prototyping-tool/",
	urldate = {2018-03-13},
	keywords = "bib"
}

@online{messenger-usage-brands,
	author = "David Wright",
	year = "2018",
	title = "US Messenger usage for top brands 2018 March",
	url = "https://medium.com/@davidwright_68835/us-messenger-usage-for-top-brands-2018-march-d4f1ef786622",
	urldate = {2018-03-13},
	keywords = "bib"
}

@online{7usecases,
	author = "Daniel Faggella",
	year = "2017",
	title = "7 Chatbot Use Cases That Actually Work",
	url = "https://gist.github.com/staltz/868e7e9bc2a7b8c1f754",
	urldate = {2018-03-19},
	keywords = "bib"
}

@online{usecases-banking,
	author = "Veeranjaneyulu Chettupalli",
	year = "2018",
	title = "Important use cases of AI-powered chatbots in the banking industry",
	url = "https://medium.com/swlh/important-use-cases-of-ai-powered-chatbots-in-the-banking-industry-19115411af54",
	urldate = {2018-03-19},
	keywords = "bib"
}

@online{chatobook,
	company = "Chatobook",
	year = "2017",
	url = "https://chatobook.com/",
	urldate = {2018-03-20},
	keywords = "ref"
}

@online{chatbot-templates-pizza,
	company = "BotMakers",
	year = "2018",
	url = "https://botmakers.net/chatbot-templates/pizza-delivery-chatbot-for-facebook-messenger",
	urldate = {2018-03-20},
	keywords = "ref"
}

@online{ubereats,
	company = "Uber",
	year = "2018",
	url = "https://www.ubereats.com",
	urldate = {2018-03-20},
	keywords = "ref"
}

@online{deliveroo,
	company = "Deliveroo",
	year = "2018",
	url = "https://deliveroo.co.uk",
	urldate = {2018-03-20},
	keywords = "ref"
}

@online{just-eats,
	company = "Just Eats",
	year = "2018",
	url = "https://www.just-eat.com",
	urldate = {2018-03-20},
	keywords = "bib"
}

@online{intranet-chabot,
	company = "Acuvate",
	year = "2018",
	url = "https://acuvate.com/solutions/meshbot/",
	urldate = {2018-03-26},
	keywords = "ref"
}

@online{chatbot-industry-benefits,
	company = "REVIEWKISS",
	year = "2017",
	url = "https://reviewkiss.com/2017-year-chatbot-booming/",
	urldate = {2018-03-26},
	keywords = "ref"
}

@online{practices1,
	author = "Eunji Jinny Seo",
	year = "2017",
	title = "11 More Best UX Practices for Building Chatbots",
	url = "https://chatbotsmagazine.com/11-more-best-ux-practices-for-building-chatbots-67362d1104d9",
	urldate = {2018-03-28},
	keywords = "bib"
}

@online{practices2,
	company = "Maruti Techlabs",
	year = "2017",
	title = "What Are The Best Practices For Chatbot Development?",
	url = "https://chatbotsmagazine.com/which-are-the-best-practices-for-chatbot-development-91c1b05fdb07",
	urldate = {2018-03-28},
	keywords = "bib"
}

@online{azure-pricing-calculator,
	company = "Microsoft",
	year = "2018",
	title = "Azure pricing",
	url = "https://azure.microsoft.com/en-us/pricing/#explore-cost",
	urldate = {2018-03-28},
	keywords = "ref"
}

@online{microsoft-bot-emulator,
	company = "Microsoft",
	year = "2018",
	title = "Microsoft Bot Emulator",
	url = "https://docs.microsoft.com/en-us/azure/bot-service/bot-service-debug-emulator",
	urldate = {2018-03-28},
	keywords = "ref"
}

@online{dominos,
	company = "Domino's",
	year = "2018",
	title = "Domino's",
	url = "https://www.facebook.com/Dominos/",
	urldate = {2018-04-27},
	keywords = "ref"
}

@online{visual-studio-code,
	company = "Microsoft",
	year = "2018",
	title = "Visual Studio Code",
	url = "https://code.visualstudio.com",
	urldate = {2018-04-27},
	keywords = "ref"
}

@online{node-js,
	company = "Node.js Foundation",
	year = "2018",
	title = "Node.JS",
	url = "https://nodejs.org/en/",
	urldate = {2018-04-27},
	keywords = "ref"
}

@online{eslint,
	company = "JS Foundation",
	year = "2018",
	title = "ESLint",
	url = "https://eslint.org",
	urldate = {2018-04-27},
	keywords = "ref"
}

@online{webpack,
	year = "2018",
	title = "Webpack",
	url = "https://webpack.js.org",
	urldate = {2018-04-27},
	keywords = "ref"
}

@online{dotenv,
	year = "2018",
	title = "dotenv",
	url = "https://github.com/motdotla/dotenv",
	urldate = {2018-04-27},
	keywords = "ref"
}

@online{restify,
	year = "2018",
	title = "Restify",
	url = "http://restify.com",
	urldate = {2018-04-27},
	keywords = "ref"
}

@online{channel-inspector,
	company = "Microsoft",
	year = "2018",
	title = "Channel Inspector",
	url = "https://docs.botframework.com/en-us/channel-inspector/channels/Skype/",
	urldate = {2018-04-28},
	keywords = "ref"
}

@online{table-storage,
	company = "Microsoft",
	year = "2018",
	title = "Table Storage",
	url = "https://azure.microsoft.com/en-us/services/storage/tables/",
	urldate = {2018-04-28},
	keywords = "ref"
}

@online{cosmosdb,
	company = "Microsoft",
	year = "2018",
	title = "CosmosDB",
	url = "https://azure.microsoft.com/en-us/try/cosmosdb/",
	urldate = {2018-04-28},
	keywords = "ref"
}

@online{dialogflow,
	company = "Google",
	year = "2018",
	title = "Dialogflow",
	url = "https://dialogflow.com",
	urldate = {2018-04-30},
	keywords = "ref"
}

@online{Webhook,
	author = "Troy Davis",
	year = "2018",
	title = "What is a WebHook?",
	url = "https://webhooks.pbworks.com/w/page/13385124/FrontPage",
	urldate = {2018-04-30},
	keywords = "bib"
}

@online{botframework-documentation,
	company = "Microsoft",
	year = "2018",
	title = "Botframework documentation",
	url = "https://docs.microsoft.com/en-us/azure/bot-service/?view=azure-bot-service-3.0",
	urldate = {2018-03-10},
	keywords = "bib"
}

@online{dialogflow-documentation,
	company = "Google",
	year = "2018",
	title = "Dialogflow documentation",
	url = "https://dialogflow.com/docs/getting-started/basics",
	urldate = {2018-03-10},
	keywords = "bib"
}
